/home/hxavier/ceweb/tex/main.bib